version https://git-lfs.github.com/spec/v1
oid sha256:eb91330c9dd81b7dc0e9a0d1e68533c02e5a66812664be8c73a637936e07f377
size 215
